<record><leader>00000cas a22000007a 4500</leader><controlfield tag="001">18911551</controlfield><controlfield tag="008">881216d197519uudeuwr ne      0    0eng d</controlfield><datafield ind1=" " ind2=" " tag="010"><subfield code="a">sn 88053155 </subfield></datafield><datafield ind1=" " ind2=" " tag="040"><subfield code="a">DEX</subfield><subfield code="b">eng</subfield><subfield code="c">DEX</subfield><subfield code="d">NSD</subfield><subfield code="d">OCLCQ</subfield></datafield><datafield ind1=" " ind2=" " tag="042"><subfield code="a">msc</subfield></datafield><datafield ind1="0" ind2="4" tag="245"><subfield code="a">The Whale.</subfield></datafield><datafield ind1=" " ind2=" " tag="260"><subfield code="a">Lewes, Del. :</subfield><subfield code="b">The Whale</subfield></datafield><datafield ind1=" " ind2=" " tag="300"><subfield code="a">v.</subfield></datafield><datafield ind1=" " ind2=" " tag="310"><subfield code="a">Weekly</subfield></datafield><datafield ind1="1" ind2=" " tag="362"><subfield code="a">Began in 1975.</subfield></datafield><datafield ind1=" " ind2=" " tag="588"><subfield code="a">Description based on: Vol. 1, no. 25 (Oct. 22, 1975).</subfield></datafield><datafield ind1=" " ind2=" " tag="752"><subfield code="a">United States</subfield><subfield code="b">Delaware</subfield><subfield code="c">Sussex</subfield><subfield code="d">Lewes.</subfield></datafield><datafield ind1="0" ind2="0" tag="785"><subfield code="t">Sussex County's daily whale</subfield><subfield code="x">1065-9811</subfield><subfield code="w">(DLC)sn 92003607</subfield><subfield code="w">(OCoLC)26823490</subfield></datafield></record>